<?xml version="1.0" encoding="UTF-8"?><collection xmlns="http://www.loc.gov/MARC21/slim"><record><leader>00500nam--2200133-i-4500</leader><controlfield tag="001">000040191</controlfield><controlfield tag="002">20161230</controlfield><controlfield tag="005">20161230201042</controlfield><controlfield tag="008">060222s1000------------r-----000-0-eng-d</controlfield><datafield ind1=" " ind2=" " tag="080"><subfield code="a">615.7(043):612.3(043)</subfield></datafield><datafield ind1=" " ind2=" " tag="100"><subfield code="a">Salomon,Jean-louis</subfield></datafield><datafield ind1=" " ind2=" " tag="245"><subfield code="a">A propos d`une cas de necrose massive de la substance blanche heimispherique chez une cirrhitique survenue au decours d`un traitement par le niridazole (ambilhar). these</subfield></datafield><datafield ind1=" " ind2=" " tag="260"><subfield code="a">Paris, Faculte De Medicine Bichat-beaujon, 1971. 26 P</subfield></datafield><datafield ind1=" " ind2=" " tag="852"><subfield code="a">40714</subfield></datafield></record></collection>